@incollection{klette04,
title = "CHAPTER 2 - Grids and Digitization",
editor = "Reinhard Klette and Azriel Rosenfeld",
booktitle = "Digital Geometry",
publisher = "Morgan Kaufmann",
address = "San Francisco",
pages = "35 - 75",
year = "2004",
series = "The Morgan Kaufmann Series in Computer Graphics",
isbn = "978-1-55860-861-0",
doi = "https://doi.org/10.1016/B978-155860861-0/50004-3",
url = "http://www.sciencedirect.com/science/article/pii/B9781558608610500043",
author = "Reinhard Klette and Azriel Rosenfeld"
}