%%%%%%%%%%%%% SEGMENTATION %%%%%%%%%%%%%%

@Article{caselles97,
author="Caselles, Vicent
and Kimmel, Ron
and Sapiro, Guillermo",
title="Geodesic Active Contours",
journal="International Journal of Computer Vision",
year="1997",
month="Feb",
day="01",
volume="22",
number="1",
pages="61--79",
issn="1573-1405",
doi="10.1023/A:1007979827043",
url="https://doi.org/10.1023/A:1007979827043"
}

@Article{kass88,
author="Kass, Michael
and Witkin, Andrew
and Terzopoulos, Demetri",
title="Snakes: Active contour models",
journal="International Journal of Computer Vision",
year="1988",
month="Jan",
day="01",
volume="1",
number="4",
pages="321--331",
doi="10.1007/BF00133570",
url="https://doi.org/10.1007/BF00133570"
}


@ARTICLE{chan01,
author={T. F. {Chan} and L. A. {Vese}},
journal={IEEE Transactions on Image Processing},
title={Active contours without edges},
year={2001},
volume={10},
number={2},
pages={266-277},
keywords={object detection;image segmentation;functional equations;finite difference methods;active contours;object detection;curve evolution;Mumford-Shah functional;image segmentation;level sets;minimal partition problem;mean-curvature flow;stopping term;numerical algorithm;finite differences;experimental results;initial curve;Active contours;Level set;Object detection;Image segmentation;Finite difference methods;Image edge detection;Partial differential equations;Helium;Two-term control;Mathematics},
doi={10.1109/83.902291},
ISSN={1057-7149},
month={Feb}
}

@INPROCEEDINGS{boykov01,
author={Y. Y. {Boykov} and M. -. {Jolly}},
booktitle={Proceedings Eighth IEEE International Conference on Computer Vision. ICCV 2001},
title={Interactive graph cuts for optimal boundary amp;amp; region segmentation of objects in N-D images},
year={2001},
volume={1},
number={},
pages={105-112 vol.1},
keywords={image segmentation;computational geometry;interactive systems;interactive graph cuts;optimal boundary & region segmentation;N-D images;interactive segmentation;N-dimensional images;hard constraints;soft constraints;globally optimal segmentation;medical image segmentation;Gestalt example;max-flow algorithm;Image segmentation;Cost function;Visualization;Educational institutions;Topology;Biomedical imaging;Region 5;Level set},
doi={10.1109/ICCV.2001.937505},
ISSN={},
month={July}
}


%%%%%%%%%%%%% INPAINTING %%%%%%%%%%%%%%

@inproceedings{masnou98,
author = {Masnou, Simon and Morel, J.-M},
year = {1998},
month = {11},
pages = {259 - 263 vol.3},
title = {Level Lines Based Disocclusion},
volume = {3},
isbn = {0-8186-8821-1},
journal = {IEEE International Conference on Image Processing}
}

@article{masnou02,
author = {Masnou, Simon},
year = {2002},
month = {02},
pages = {68-76},
title = {Disocclusion: A variational approach using level lines},
volume = {11},
journal = {IEEE transactions on image processing : a publication of the IEEE Signal Processing Society}
}


@article{ambrosio03,
author = {Ambrosio, Luigi and Masnou, Simon},
year = {2003},
month = {03},
title = {A direct variational approach to a problem arising in image reconstruction},
volume = {5},
journal = {Interfaces and Free Boundaries - INTERFACE FREE BOUND}
}

@Inbook{mumford94,
author="Mumford, David",
editor="Bajaj, Chandrajit L.",
title="Elastica and Computer Vision",
bookTitle="Algebraic Geometry and its Applications: Collections of Papers from Shreeram S. Abhyankar's 60th Birthday Conference",
year="1994",
publisher="Springer New York",
address="New York, NY",
pages="491--506",
isbn="978-1-4612-2628-4"
}

@article{shen03,
author = {Shen, Jackie and Ha Kang, Sung and F. Chan, Tony},
year = {2003},
month = {01},
pages = {564-592},
title = {Euler's Elastica and Curvature-Based Inpainting},
volume = {63},
journal = {SIAM Journal of Applied Mathematics}
}


%%%%%%%%%%%%% MUMFORD-SHAH %%%%%%%%%%%%%%%%%%

@ARTICLE{mumford89,
    author = {David Mumford},
    title = {Optimal approximation by piecewise smooth functions and associated variational problems},
    journal = {Commun. Pure Applied Mathematics},
    year = {1989},
    pages = {577--685}
}

@inbook{bar15,
author="Bar, Leah
and Chan, Tony F.
and Chung, Ginmo
and Jung, Miyoun
and Vese, Luminita A.
and Kiryati, Nahum
and Sochen, Nir",
editor="Scherzer, Otmar",
title="Mumford and Shah Model and Its Applications to Image Segmentation and Image Restoration",
bookTitle="Handbook of Mathematical Methods in Imaging",
year="2015",
publisher="Springer New York",
address="New York, NY",
pages="1539--1597"
}