@INPROCEEDINGS{zehiry10,
author={N. Y. {El-Zehiry} and L. {Grady}},
booktitle={2010 IEEE Computer Society Conference on Computer Vision and Pattern Recognition},
title={Fast global optimization of curvature},
year={2010},
volume={},
number={},
pages={3257-3264},
keywords={computer vision;image segmentation;optimisation;fast global optimization;computer vision;noisy data;missing data;image model;curvature regularization;image segmentation;Computer vision;Optical filters;Optical noise;Matched filters;Filtering;Stereo image processing;Stereo vision;Image reconstruction;Image motion analysis;Image segmentation},
doi={10.1109/CVPR.2010.5540057},
ISSN={1063-6919},
month={June}
}

@INPROCEEDINGS{nieuwenhuis14,
author={C. {Nieuwenhuis} and E. {Toeppe} and L. {Gorelick} and O. {Veksler} and Y. {Boykov}},
booktitle={2014 IEEE Conference on Computer Vision and Pattern Recognition},
title={Efficient Squared Curvature},
year={2014},
volume={},
number={},
pages={4098-4105},
keywords={computational geometry;computer vision;image resolution;minimisation;squared curvature;length based regularization;computer vision;angular resolution;integral geometry;energy decomposition;trust region framework;visually pleasing solution;energy minimization;Approximation methods;Energy resolution;Accuracy;Computational modeling;Geometry;Runtime;Image segmentation;curvature;optimization;regularization;segmentation;inpainting;MRF;discrete;fast trust region;efficient;triple cliques},
doi={10.1109/CVPR.2014.522},
ISSN={1063-6919},
month={June}
}

@INPROCEEDINGS{schoenemann09,
author={T. {Schoenemann} and F. {Kahl} and D. {Cremers}},
booktitle={2009 IEEE 12th International Conference on Computer Vision},
title={Curvature regularity for region-based image segmentation and inpainting: A linear programming relaxation},
year={2009},
volume={},
number={},
pages={17-23},
keywords={image restoration;image segmentation;integer programming;linear programming;curvature regularity;region-based image segmentation;inpainting;linear programming relaxation;region-based energies;region integrals;region boundary;integer linear program;boundary segments;optimal energy;higher-order regularity;optimality gap;global optimum;Image segmentation;Linear programming;Computer science;Integral equations;Optimization methods;Costs;Psychology;Humans;Computer vision;Pixel},
doi={10.1109/ICCV.2009.5459209},
ISSN={2380-7504},
month={Sep.},}


@ARTICLE{schoenemann11,
author={T. {Schoenemann} and S. {Masnou} and D. {Cremers}},
journal={IEEE Transactions on Image Processing},
title={The Elastic Ratio: Introducing Curvature Into Ratio-Based Image Segmentation},
year={2011},
volume={20},
number={9},
pages={2565-2581},
keywords={graph theory;image resolution;image segmentation;elastic ratio;ratio-based image segmentation;ratio framework generalization;penalty function;cyclic path;graph node;line segment;brightness flux;continuous curve;graph-based algorithm;image resolution;curvature regularity;parameterization-independent version;parameter value;Image segmentation;Polynomials;Optimization;Minimization;Image edge detection;Computational modeling;Pixel;Contour-based segmentation;curvature;global optimization;graph cycles;image segmentation;snakes model;unsupervised segmentation},
doi={10.1109/TIP.2011.2118225},
ISSN={1057-7149},
month={Sep.},}


@Article{zhu13,
author="Zhu, Wei
and Tai, Xue-Cheng
and Chan, Tony",
title="Image Segmentation Using Euler's Elastica as the Regularization",
journal="Journal of Scientific Computing",
year="2013",
month="Nov",
day="01",
volume="57",
number="2",
pages="414--438",
abstract="The active contour segmentation model of Chan and Vese has been widely used and generalized in different contexts in the literature. One possible modification is to employ Euler's elastica as the regularization of active contour. In this paper, we study the new effects of this modification and validate them numerically using the augmented Lagrangian method.",
issn="1573-7691",
doi="10.1007/s10915-013-9710-3",
url="https://doi.org/10.1007/s10915-013-9710-3"
}


@INPROCEEDINGS{goldluecke11,
author={B. {Goldluecke} and D. {Cremers}},
booktitle={2011 International Conference on Computer Vision},
title={Introducing total curvature for image processing},
year={2011},
volume={},
number={},
pages={1267-1274},
keywords={computational geometry;image processing;minimisation;Radon transforms;total curvature;image processing;Menger-Melnikov curvature;Radon measure;convex relaxation;convex set;minimization algorithm;TV;Minimization;Approximation methods;Integral equations;Noise reduction;Image segmentation},
doi={10.1109/ICCV.2011.6126378},
ISSN={2380-7504},
month={Nov},}
