@Article{klette00,
author="Klette, Reinhard
and {\v{Z}}uni{\'{c}}, Jovi{\v{s}}a",
title="Multigrid Convergence of Calculated Features in Image Analysis",
journal="Journal of Mathematical Imaging and Vision",
year="2000",
month="Dec",
day="01",
volume="13",
number="3",
pages="173--191",
issn="1573-7683",
doi="10.1023/A:1011289414377",
url="https://doi.org/10.1023/A:1011289414377"
}

@inproceedings{klette01,
 author = {Klette, Reinhard},
 title = {Multigrid Convergence of Geometric Features},
 booktitle = {Digital and Image Geometry, Advanced Lectures [Based on a Winter School Held at Dagstuhl Castle, Germany in December 2000]},
 year = {2001},
 isbn = {3-540-43079-2},
 pages = {318--338},
 numpages = {21},
 url = {http://dl.acm.org/citation.cfm?id=647390.725545},
 acmid = {725545},
 publisher = {Springer-Verlag},
 address = {Berlin, Heidelberg}
} 


@article{lachaud07,
 author = {Lachaud, Jacques-Olivier and Vialard, Anne and de Vieilleville, Francois},
 title = {Fast, Accurate and Convergent Tangent Estimation on Digital Contours},
 journal = {Image Vision Comput.},
 issue_date = {October, 2007},
 volume = {25},
 number = {10},
 month = oct,
 year = {2007},
 issn = {0262-8856},
 pages = {1572--1587},
 numpages = {16},
 url = {http://dx.doi.org/10.1016/j.imavis.2006.06.019},
 doi = {10.1016/j.imavis.2006.06.019},
 acmid = {1279437},
 publisher = {Butterworth-Heinemann},
 address = {Newton, MA, USA},
 keywords = {Digital straight segment, Maximal segments, Multigrid convergence, Tangent estimator}
} 




@Inbook{coeurjolly12,
author={Coeurjolly, David and Lachaud, Jacques-Olivier and Roussillon, Tristan},
editor={Brimkov, Valentin E.
and Barneva, Reneta P.},
title={Multigrid Convergence of Discrete Geometric Estimators},
bookTitle={Digital Geometry Algorithms: Theoretical Foundations and Applications to Computational Imaging},
year={2012},
publisher={Springer Netherlands},
address={Dordrecht},
pages={395--424},
isbn={978-94-007-4174-4}
}



@article{kerautret08,
  TITLE = {{Curvature Estimation along Noisy Digital Contours by Approximate Global Optimization}},
  AUTHOR = {Kerautret, Bertrand and Lachaud, Jacques-Olivier},
  URL = {https://hal.inria.fr/inria-00345783},
  JOURNAL = {{Pattern Recognition}},
  PUBLISHER = {{Elsevier}},
  SERIES = {j.patcog.2008.11.013},
  VOLUME = {42},
  NUMBER = {10},
  PAGES = {2265--2278},
  YEAR = {2008},
  DOI = {10.1016},
  KEYWORDS = {discrete geometry ; digital contours ; curvature estimation ; feature detection ; robustness to noise},
  PDF = {https://hal.inria.fr/inria-00345783/file/main.pdf},
  HAL_ID = {inria-00345783},
  HAL_VERSION = {v1}
}

@InProceedings{coeurjolly01,
author="Coeurjolly, David
and Miguet, Serge
and Tougne, Laure",
editor="Arcelli, Carlo
and Cordella, Luigi P.
and di Baja, Gabriella Sanniti",
title="Discrete Curvature Based on Osculating Circle Estimation",
booktitle="Visual Form 2001",
year="2001",
publisher="Springer Berlin Heidelberg",
address="Berlin, Heidelberg",
pages="303--312",
abstract="In this paper, we make an overview of the existing algorithms concerning the discrete curvature estimation. We extend the Worring and Smeulders [WS93] classification to new algorithms and we present a new and purely discrete algorithm based on discrete osculating circle estimation.",
isbn="978-3-540-45129-7"
}


@InProceedings{coeurjolly13,
author="Coeurjolly, David
and Lachaud, Jacques-Olivier
and Levallois, J{\'e}r{\'e}my",
editor="Gonzalez-Diaz, Rocio
and Jimenez, Maria-Jose
and Medrano, Belen",
title="Integral Based Curvature Estimators in Digital Geometry",
booktitle="Discrete Geometry for Computer Imagery",
year="2013",
publisher="Springer Berlin Heidelberg",
address="Berlin, Heidelberg",
pages="215--227",
abstract="In many geometry processing applications, the estimation of differential geometric quantities such as curvature or normal vector field is an essential step. In this paper, we investigate a new class of estimators on digital shape boundaries based on Integral Invariants. More precisely, we provide both proofs of multigrid convergence of curvature estimators and a complete experimental evaluation of their performances.",
isbn="978-3-642-37067-0"
}


@InProceedings{roussillon11,
author="Roussillon, Tristan
and Lachaud, Jacques-Olivier",
editor="Aggarwal, Jake K.
and Barneva, Reneta P.
and Brimkov, Valentin E.
and Koroutchev, Kostadin N.
and Korutcheva, Elka R.",
title="Accurate Curvature Estimation along Digital Contours with Maximal Digital Circular Arcs",
booktitle="Combinatorial Image Analysis",
year="2011",
publisher="Springer Berlin Heidelberg",
address="Berlin, Heidelberg",
pages="43--55",
abstract="We propose in this paper a new curvature estimator based on the set of maximal digital circular arcs. For strictly convex shapes with continuous curvature fields digitized on a grid of step h, we show that this estimator is mutligrid convergent if the discrete length of the maximal digital circular arcs grows in {\$}{\backslash}Omega(h^{\{}-{\backslash}frac{\{}1{\}}{\{}2{\}}{\}}){\$}. We indeed observed this order of magnitude. Moreover, experiments showed that our estimator is at least as fast to compute as existing estimators and more accurate even at low resolution.",
isbn="978-3-642-21073-0"
}

@article{schindele17,
 author = {Schindele, Andreas and Massopust, Peter and Forster, Brigitte},
 title = {Multigrid Convergence for the MDCA Curvature Estimator},
 journal = {J. Math. Imaging Vis.},
 issue_date = {March     2017},
 volume = {57},
 number = {3},
 month = mar,
 year = {2017},
 issn = {0924-9907},
 pages = {423--438},
 numpages = {16},
 url = {https://doi.org/10.1007/s10851-016-0685-1},
 doi = {10.1007/s10851-016-0685-1},
 acmid = {3056822},
 publisher = {Kluwer Academic Publishers},
 address = {Norwell, MA, USA},
 keywords = {41A25, 65D18, 68U05, Curvature, Curvature estimator, Maximal digital arc, Multigrid convergence},
} 