%%%%%%%%%%%%%%%% MRF, GIBBS, Stochastic Relaxation %%%%%%%%%%%%%

@ARTICLE{geman84,
author={S. {Geman} and D. {Geman}},
journal={IEEE Transactions on Pattern Analysis and Machine Intelligence},
title={Stochastic Relaxation, Gibbs Distributions, and the Bayesian Restoration of Images},
year={1984},
volume={PAMI-6},
number={6},
pages={721-741},
month={Nov}
}

@inbook{bengal08,
author = {Ben-Gal, Irad},
publisher = {American Cancer Society},
isbn = {9780470061572},
title = {Bayesian Networks},
booktitle = {Encyclopedia of Statistics in Quality and Reliability},
chapter = {},
pages = {},
doi = {10.1002/9780470061572.eqr089},
url = {https://onlinelibrary.wiley.com/doi/abs/10.1002/9780470061572.eqr089},
eprint = {https://onlinelibrary.wiley.com/doi/pdf/10.1002/9780470061572.eqr089},
year = {2008}}


@inbook{yedidia03,
author = {Yedidia, Jonathan S. and Freeman, William T. and Weiss, Yair},
title = {Understanding Belief Propagation and Its Generalizations},
year = {2003},
isbn = {1558608117},
publisher = {Morgan Kaufmann Publishers Inc.},
address = {San Francisco, CA, USA},
booktitle = {Exploring Artificial Intelligence in the New Millennium},
pages = {239–269},
numpages = {31}
}

  
@article{jordan99,
author = {Jordan, Michael I. and Ghahramani, Zoubin and Jaakkola, Tommi S. and Saul, Lawrence K.},
title = {An Introduction to Variational Methods for Graphical Models},
year = {1999},
issue_date = {November 1999},
publisher = {Kluwer Academic Publishers},
address = {USA},
volume = {37},
number = {2},
issn = {0885-6125},
journal = {Mach. Learn.},
month = nov,
pages = {183–233},
numpages = {51}
}

@INPROCEEDINGS{jaakkola00,
    author = {Tommi S. Jaakkola},
    title = {Tutorial on Variational Approximation Methods},
    booktitle = {IN ADVANCED MEAN FIELD METHODS: THEORY AND PRACTICE},
    year = {2000},
    pages = {129--159},
    publisher = {MIT Press}
}
  
  
  

%%%%%%%%%% TOTAL VARIATION %%%%%%%%%%%%


@article{rudin92,
 author = {Rudin, Leonid I. and Osher, Stanley and Fatemi, Emad},
 title = {Nonlinear Total Variation Based Noise Removal Algorithms},
 journal = {Phys. D},
 issue_date = {Nov. 1, 1992},
 volume = {60},
 number = {1-4},
 month = nov,
 year = {1992},
 issn = {0167-2789},
 pages = {259--268},
 numpages = {10},
 url = {https://doi.org/10.1016/0167-2789(92)90242-F},
 doi = {10.1016/0167-2789(92)90242-F},
 acmid = {142312},
 publisher = {Elsevier Science Publishers B. V.},
 address = {Amsterdam, The Netherlands, The Netherlands}
} 

@Article{chambolle04,
author="Chambolle, Antonin",
title="An Algorithm for Total Variation Minimization and Applications",
journal="Journal of Mathematical Imaging and Vision",
year="2004",
month="1",
day="01",
volume="20",
number="1",
pages="89--97",
issn="1573-7683"
}

@article{duran13,
    title   = {{Chambolle's Projection Algorithm for Total Variation Denoising}},
    author  = {Duran, Joan and Coll, Bartomeu and Sbert, Catalina},
    journal = {{Image Processing On Line}},
    volume  = {3},
    pages   = {311--331},
    year    = {2013},
    doi     = {10.5201/ipol.2013.61},
}

@inbook{burger13,
author="Burger, Martin
and Osher, Stanley",
title="A Guide to the TV Zoo",
bookTitle="Level Set and PDE Based Reconstruction Methods in Imaging: Cetraro, Italy 2008, Editors: Martin Burger, Stanley Osher",
year="2013",
publisher="Springer International Publishing",
address="Cham",
pages="1--70",}


%%%%%%%%%% GEODESICS %%%%%%%%%%%%

@Article{caselles97,
author="Caselles, Vicent
and Kimmel, Ron
and Sapiro, Guillermo",
title="Geodesic Active Contours",
journal="International Journal of Computer Vision",
year="1997",
month="2",
day="01",
volume="22",
number="1",
pages="61--79",
issn="1573-1405",
doi="10.1023/A:1007979827043",
url="https://doi.org/10.1023/A:1007979827043"
}

@Article{cohen97,
author="Cohen, Laurent D.
and Kimmel, Ron",
title="Global Minimum for Active Contour Models: A Minimal Path Approach",
journal="International Journal of Computer Vision",
year="1997",
month="8",
day="01",
volume="24",
number="1",
pages="57--78",
issn="1573-1405",
doi="10.1023/A:1007922224810",
url="https://doi.org/10.1023/A:1007922224810"
}



@Article{appleton05,
author="Appleton, Ben
and Talbot, Hugues",
title="Globally Optimal Geodesic Active Contours",
journal="Journal of Mathematical Imaging and Vision",
year="2005",
month="7",
day="01",
volume="23",
number="1",
pages="67--86",
issn="1573-7683",
doi="10.1007/s10851-005-4968-1",
url="https://doi.org/10.1007/s10851-005-4968-1"
}

@ARTICLE{li14,
author={Q. {Li} and X. {Chen} and Y. {Song} and Y. {Zhang} and X. {Jin} and Q. {Zhao}},
journal={IEEE Transactions on Image Processing},
title={Geodesic Propagation for Semantic Labeling},
year={2014},
volume={23},
number={11},
pages={4812-4825},
keywords={Labeling;Semantics;Algorithm design and analysis;Image color analysis;Image edge detection;Image segmentation;Semantic labeling;geodesic propagation;label transfer;indicator;video labeling},
doi={10.1109/TIP.2014.2358193},
ISSN={1057-7149},
month={11},}

@article{peyre10,
 author = {Peyr{\'e}, Gabriel and P{\'e}chaud, Mickael and Keriven, Renaud and Cohen, Laurent D.},
 title = {Geodesic Methods in Computer Vision and Graphics},
 journal = {Found. Trends. Comput. Graph. Vis.},
 issue_date = {March 2010},
 volume = {5},
 number = {3\&\#8211;4},
 month = mar,
 year = {2010},
 issn = {1572-2740},
 pages = {197--397},
 numpages = {201},
 url = {http://dx.doi.org/10.1561/0600000029},
 doi = {10.1561/0600000029},
 acmid = {1923910},
 publisher = {Now Publishers Inc.},
 address = {Hanover, MA, USA}
} 


@Article{caselles93,
author="Caselles, Vicent
and Catt{\'e}, Francine
and Coll, Tomeu
and Dibos, Fran{\c{c}}oise",
title="A geometric model for active contours in image processing",
journal="Numerische Mathematik",
year="1993",
month="Dec",
day="01",
volume="66",
number="1",
pages="1--31",
abstract="We propose a new model for active contours based on a geometric partial differential equation. Our model is intrinsec, stable (satisfies the maximum principle) and permits a rigorous mathematical analysis. It enables us to extract smooth shapes (we cannot retrieve angles) and it can be adapted to find several contours simultaneously. Moreover, as a consequence of the stability, we can design robust algorithms which can be engineed with no parameters in applications. Numerical experiments are presented.",
issn="0945-3245",
doi="10.1007/BF01385685",
url="https://doi.org/10.1007/BF01385685"
}

