@Article{casseles97geodesic,
author="Caselles, Vicent
and Kimmel, Ron
and Sapiro, Guillermo",
title="Geodesic Active Contours",
journal="International Journal of Computer Vision",
year="1997",
month="Feb",
day="01",
volume="22",
number="1",
pages="61--79",
}

@article{coeurjolly04comparative,
author={D. Coeurjolly and R. Klette},
journal={IEEE Transactions on Pattern Analysis and Machine Intelligence},
title={A comparative evaluation of length estimators of digital curves},
year={2004},
volume={26},
number={2},
pages={252-258},
month={Feb}
}

@phdthesis{lachaud06hdr,
  TITLE = {{Non-Euclidean spaces and image analysis : Riemannian and discrete deformable models, discrete topology and geometry}},
  AUTHOR = {Lachaud, Jacques-Olivier},
  URL = {https://tel.archives-ouvertes.fr/tel-00396332},
  SCHOOL = {{Universit{\'e} Sciences et Technologies - Bordeaux I}},
  YEAR = {2006},
  MONTH = Dec,
}



@InProceedings{coeurjolly13integral,
author="Coeurjolly, David
and Lachaud, Jacques-Olivier
and Levallois, J{\'e}r{\'e}my",
editor="Gonzalez-Diaz, Rocio
and Jimenez, Maria-Jose
and Medrano, Belen",
title="Integral Based Curvature Estimators in Digital Geometry",
booktitle="Discrete Geometry for Computer Imagery",
year="2013",
publisher="Springer Berlin Heidelberg",
address="Berlin, Heidelberg",
pages="215--227",
}

@Inbook{coeurjolly12multigrid,
author="Coeurjolly, David
and Lachaud, Jacques-Olivier
and Roussillon, Tristan",
title="Multigrid Convergence of Discrete Geometric Estimators",
bookTitle="Digital Geometry Algorithms: Theoretical Foundations and Applications to Computational Imaging",
year="2012",
publisher="Springer Netherlands",
address="Dordrecht",
pages="395--424",
}

@InProceedings{roussillon11mdca,
author="Roussillon, Tristan
and Lachaud, Jacques-Olivier",
editor="Aggarwal, Jake K.
and Barneva, Reneta P.
and Brimkov, Valentin E.
and Koroutchev, Kostadin N.
and Korutcheva, Elka R.",
title="Accurate Curvature Estimation along Digital Contours with Maximal Digital Circular Arcs",
booktitle="Combinatorial Image Analysis",
year="2011",
publisher="Springer Berlin Heidelberg",
address="Berlin, Heidelberg",
pages="43--55",
}

@article{schindele17mdca,
 author = {Schindele, Andreas and Massopust, Peter and Forster, Brigitte},
 title = {Multigrid Convergence for the {MDCA} Curvature Estimator},
 journal = {J. Math. Imaging Vis.},
 issue_date = {March     2017},
 volume = {57},
 number = {3},
 month = mar,
 year = {2017},
 issn = {0924-9907},
 pages = {423--438},
 numpages = {16},
 publisher = {Kluwer Academic Publishers},
 address = {Norwell, MA, USA},
} 


@InProceedings{masnou98inpainting,
author={S. Masnou and J. M. Morel},
booktitle={Proceedings 1998 International Conference on Image Processing. ICIP98 (Cat. No.98CB36269)},
title={Level lines based disocclusion},
year={1998},
volume={},
number={},
pages={259-263 vol.3},
month={Oct},}



@Article{appleton05geodesic,
author="Appleton, Ben
and Talbot, Hugues",
title="Globally Optimal Geodesic Active Contours",
journal="Journal of Mathematical Imaging and Vision",
year="2005",
month="Jul",
day="01",
volume="23",
number="1",
pages="67--86",
}



@INPROCEEDINGS{boykov01graphcut,
author={Y. Y. Boykov and M. P. Jolly},
booktitle={Proceedings Eighth IEEE International Conference on Computer Vision. ICCV 2001},
title={Interactive graph cuts for optimal boundary amp; region segmentation of objects in N-D images},
year={2001},
volume={1},
number={},
pages={105-112 vol.1},
month={},}


@INPROCEEDINGS{schoenemann09linear,
author={T. Schoenemann and F. Kahl and D. Cremers},
booktitle={2009 IEEE 12th International Conference on Computer Vision},
title={Curvature regularity for region-based image segmentation and inpainting: A linear programming relaxation},
year={2009},
volume={},
number={},
pages={17-23},
month={Sept},}


@INPROCEEDINGS{zehiry10fast,
author={N. Y. El-Zehiry and L. Grady},
booktitle={2010 IEEE Computer Society Conference on Computer Vision and Pattern Recognition},
title={Fast global optimization of curvature},
year={2010},
volume={},
number={},
pages={3257-3264},
month={June},}



@INPROCEEDINGS{nieuwenhuis14efficient,
author={C. Nieuwenhuis and E. Toeppe and L. Gorelick and O. Veksler and Y. Boykov},
booktitle={2014 IEEE Conference on Computer Vision and Pattern Recognition},
title={Efficient Squared Curvature},
year={2014},
volume={},
number={},
pages={4098-4105},
month={June},}


@article{boros02pseudo,
title = "Pseudo-Boolean optimization",
journal = "Discrete Applied Mathematics",
volume = "123",
number = "1",
pages = "155 - 225",
year = "2002",
author = "Endre Boros and Peter L. Hammer"
}

@inproceedings{kolmogorov07nonsubmodular,
author = {Kolmogorov, Vladimir and Rother, Carsten},
title = {Minimizing non-submodular functions with graph cuts - a review},
booktitle = {},
year = {2007},
month = {January},
journal = {PAMI},
volume = {29},
}


@ARTICLE{kolmogorov04whatenergies,
author={V. Kolmogorov and R. Zabin},
journal={IEEE Transactions on Pattern Analysis and Machine Intelligence},
title={What energy functions can be minimized via graph cuts?},
year={2004},
volume={26},
number={2},
pages={147-159},
month={Feb},}


@INPROCEEDINGS{boykov03geodesics,
author={Y. Boykov and V. Kolmogorov},
booktitle={Proceedings Ninth IEEE International Conference on Computer Vision},
title={Computing geodesics and minimal surfaces via graph cuts},
year={2003},
volume={},
number={},
pages={26-33 vol.1},
month={Oct},}


@InProceedings{manay04intinvariant,
author="Manay, Siddharth
and Hong, Byung-Woo
and Yezzi, Anthony J.
and Soatto, Stefano",
editor="Pajdla, Tom{\'a}s
and Matas, Ji{\v{r}}{\'i}",
title="Integral Invariant Signatures",
booktitle="Computer Vision - ECCV 2004",
year="2004",
publisher="Springer Berlin Heidelberg",
address="Berlin, Heidelberg",
pages="87--99"
}

@article{pottman09intinvariant,
title = "Integral invariants for robust geometry processing",
journal = "Computer Aided Geometric Design",
volume = "26",
number = "1",
pages = "37 - 60",
year = "2009",
author = "Helmut Pottmann and Johannes Wallner and Qi-Xing Huang and Yong-Liang Yang",
keywords = "Geometry processing, Curvature, Integral invariant, Stability, 3D shape understanding"
}

@article{tai11elastica,
 author = {Tai, Xue-Cheng and Hahn, Jooyoung and Chung, Ginmo Jason},
 title = {A Fast Algorithm for Euler's Elastica Model Using Augmented Lagrangian Method},
 journal = {SIAM J. Img. Sci.},
 issue_date = {February 2011},
 volume = {4},
 number = {1},
 month = mar,
 year = {2011},
 pages = {313--344},
 numpages = {32}
} 

@article{lachaud07tangent,
 author = {Lachaud, Jacques-Olivier and Vialard, Anne and de Vieilleville, Fran\c{c}ois},
 title = {Fast, Accurate and Convergent Tangent Estimation on Digital Contours},
 journal = {Image Vision Comput.},
 issue_date = {October, 2007},
 volume = {25},
 number = {10},
 month = oct,
 year = {2007},
 issn = {0262-8856},
 pages = {1572--1587},
 numpages = {16},
 acmid = {1279437},
 publisher = {Butterworth-Heinemann}
}

@article{rother04grabcut,
 author = {Rother, Carsten and Kolmogorov, Vladimir and Blake, Andrew},
 title = {"GrabCut": Interactive Foreground Extraction Using Iterated Graph Cuts},
 journal = {ACM Trans. Graph.},
 issue_date = {August 2004},
 volume = {23},
 number = {3},
 month = aug,
 year = {2004},
 issn = {0730-0301},
 pages = {309--314},
 numpages = {6},
 publisher = {ACM}
} 

@article{rother07qpbo,
  title={Optimizing Binary MRFs via Extended Roof Duality},
  author={Carsten Rother and Vladimir Kolmogorov and Victor S. Lempitsky and Martin Szummer},
  journal={2007 IEEE Conference on Computer Vision and Pattern Recognition},
  year={2007},
  pages={1-8}
}

%%% New references HT

@article{el2016contrast,
  title={Contrast driven {E}lastica for image segmentation},
  author={El-Zehiry, Noha Youssry and Grady, Leo},
  journal={IEEE Transactions on Image Processing},
  volume={25},
  number={6},
  pages={2508--2518},
  year={2016},
  publisher={IEEE}
}

@article{malladi1995image,
  title={Image processing via level set curvature flow},
  author={Malladi, Ravi and Sethian, James A},
  journal={proceedings of the National Academy of sciences},
  volume={92},
  number={15},
  pages={7046--7050},
  year={1995},
  publisher={National Acad Sciences}
}

@article{malladi1995shape,
  title={Shape Modeling with Front Propagation: A Level Set Approach},
  author={Malladi, Ravikanth and Sethian, James A and Vemuri, Baba C},
  journal={{IEEE} T. Patt. Anal. Mach. Intell.},
  volume={17},
  number={2},
  year={1995},
  publisher={Citeseer}
}

@article{lim2012introducing,
  title={Introducing Willmore flow into level set segmentation of spinal vertebrae},
  author={Lim, Poay Hoon and Bagci, Ulas and Bai, Li},
  journal={IEEE Transactions on Biomedical Engineering},
  volume={60},
  number={1},
  pages={115--122},
  year={2012},
  publisher={IEEE}
}

@article{bobenko2005discrete,
  title={Discrete willmore flow},
  author={Bobenko, Alexander I and Schr{\"o}der, Peter},
  year={2005},
  publisher={Eurographics Association}
}

@article{schoenemann2011elastic,
  title={The elastic ratio: Introducing curvature into ratio-based image segmentation},
  author={Schoenemann, Thomas and Masnou, Simon and Cremers, Daniel},
  journal={IEEE Transactions on Image Processing},
  volume={20},
  number={9},
  pages={2565--2581},
  year={2011},
  publisher={IEEE}
}

@InProceedings{martinFTM01berkeley,
  author = {D. Martin and C. Fowlkes and D. Tal and J. Malik},
  title = {A Database of Human Segmented Natural Images and its
           Application to Evaluating Segmentation Algorithms and
           Measuring Ecological Statistics},
  booktitle = {Proc. 8th Int'l Conf. Computer Vision},
  year = {2001},
  month = {July},
  volume = {2},
  pages = {416--423}
}

@InProceedings{strandmark11globalframework,
author="Strandmark, Petter
and Kahl, Fredrik",
editor="Boykov, Yuri
and Kahl, Fredrik
and Lempitsky, Victor
and Schmidt, Frank R.",
title="Curvature Regularization for Curves and Surfaces in a Global Optimization Framework",
booktitle="Energy Minimization Methods in Computer Vision and Pattern Recognition",
year="2011",
publisher="Springer Berlin Heidelberg",
address="Berlin, Heidelberg",
pages="205--218",
isbn="978-3-642-23094-3"
}

@ARTICLE{ballester01filljoint,
author={C. {Ballester} and M. {Bertalmio} and V. {Caselles} and G. {Sapiro} and J. {Verdera}},
journal={IEEE Transactions on Image Processing},
title={Filling-in by joint interpolation of vector fields and gray levels},
year={2001},
volume={10},
number={8},
pages={1200-1211},
doi={10.1109/83.935036},
ISSN={1057-7149},
month={Aug}}

@ARTICLE{chan02elasticainpainting,
    author = {Tony F. Chan and Sung Ha Kang and Kang and Jianhong Shen},
    title = {Euler's Elastica And Curvature Based Inpaintings},
    journal = {SIAM J. Appl. Math},
    year = {2002},
    volume = {63},
    pages = {564--592}
}

@INPROCEEDINGS{goldluecke11totalcurvature,
author={B. {Goldluecke} and D. {Cremers}},
booktitle={2011 International Conference on Computer Vision},
title={Introducing total curvature for image processing},
year={2011},
volume={},
number={},
pages={1267-1274},
keywords={computational geometry;image processing;minimisation;Radon transforms;total curvature;image processing;Menger-Melnikov curvature;Radon measure;convex relaxation;convex set;minimization algorithm;TV;Minimization;Approximation methods;Integral equations;Noise reduction;Image segmentation},
doi={10.1109/ICCV.2011.6126378},
ISSN={2380-7504},
month={Nov},}


@article{bredies15convex,
author = {Bredies, Kristian and Pock, Thomas and Wirth, Benedikt},
year = {2015},
month = {01},
pages = {566-613},
title = {A Convex, Lower Semicontinuous Approximation of Euler's Elastica Energy},
volume = {47},
journal = {SIAM Journal on Mathematical Analysis},
doi = {10.1137/130939493}
}

@incollection{mumford1994elastica,
  title={Elastica and computer vision},
  author={Mumford, David},
  booktitle={Algebraic geometry and its applications},
  pages={491--506},
  year={1994},
  publisher={Springer}
}

@article{kass1988snakes,
  title={Snakes: Active contour models},
  author={Kass, Michael and Witkin, Andrew and Terzopoulos, Demetri},
  journal={International journal of computer vision},
  volume={1},
  number={4},
  pages={321--331},
  year={1988},
  publisher={Springer}
}

@article{droske2004level,
  title={A level set formulation for Willmore flow},
  author={Droske, Marc and Rumpf, Martin},
  journal={Interfaces and free boundaries},
  volume={6},
  number={3},
  pages={361--378},
  year={2004}
}

@article{bretin2015phase,
  title={Phase-field approximations of the Willmore functional and flow},
  author={Bretin, Elie and Masnou, Simon and Oudet, Edouard},
  journal={Numerische Mathematik},
  volume={131},
  number={1},
  pages={115--171},
  year={2015},
  publisher={Springer}
}

@article{esedoglu2008threshold,
  title={Threshold dynamics for high order geometric motions},
  author={Esedoglu, Selim and Ruuth, Steven J and Tsai, Richard},
  journal={Interfaces and Free Boundaries},
  volume={10},
  number={3},
  pages={263--282},
  year={2008}
}

@inproceedings{esedoglu2005threshold,
  title={Threshold dynamics for shape reconstruction and disocclusion},
  author={Esedoglu, Selim and Ruuth, Steven and Tsai, Richard},
  booktitle={IEEE International Conference on Image Processing 2005},
  volume={2},
  pages={II--502},
  year={2005},
  organization={IEEE}
}

@article{zhu2013image,
  title={Image segmentation using Euler’s elastica as the regularization},
  author={Zhu, Wei and Tai, Xue-Cheng and Chan, Tony},
  journal={Journal of scientific computing},
  volume={57},
  number={2},
  pages={414--438},
  year={2013},
  publisher={Springer}
}

		
@article{klette2000multigrid,
  title={Multigrid convergence of calculated features in image analysis},
  author={Klette, Reinhard and {\v{Z}}uni{\'c}, Jovi{\v{s}}a},
  journal={Journal of Mathematical Imaging and Vision},
  volume={13},
  number={3},
  pages={173--191},
  year={2000},
  publisher={Springer}
}

@article{deng2019new,
  title={A New Operator Splitting Method for the Euler Elastica Model for Image Smoothing},
  author={Deng, Liang-Jian and Glowinski, Roland and Tai, Xue-Cheng},
  journal={SIAM Journal on Imaging Sciences},
  volume={12},
  number={2},
  pages={1190--1230},
  year={2019},
  publisher={SIAM}
}

@InProceedings{antunes19,
author="Antunes, Daniel
and Lachaud, Jacques-Olivier
and Talbot, Hugues",
editor="Couprie, Michel
and Cousty, Jean
and Kenmochi, Yukiko
and Mustafa, Nabil",
title="Digital Curvature Evolution Model for Image Segmentation",
booktitle="Discrete Geometry for Computer Imagery",
year="2019",
publisher="Springer International Publishing",
address="Cham",
pages="15--26",
isbn="978-3-030-14085-4"
}
