%%%%%%%%%%%%%%%% Inverse problems in Imaging %%%%%%%%%%%%%

@book{bertero98,
  title={Introduction to Inverse Problems in Imaging},
  author={Bertero, M. and Boccacci, P.},
  isbn={9781439822067},
  lccn={98014461},
  year={1998},
  publisher={CRC Press}
}

@book{kirsch96,
  title={An Introduction to the Mathematical Theory of Inverse Problems},
  author={Kirsch, A.},
  isbn={9780387945309},
  lccn={96017232},
  series={Applied Mathematical Sciences},
  year={1996},
  publisher={Springer New York}
}

@book{zhdanov15,
  title={Inverse Theory and Applications in Geophysics},
  author={Zhdanov, M.S.},
  isbn={9780444627124},
  series={Methods in Geochemistry and Geophysics},
  year={2015},
  publisher={Elsevier Science}
}

@ARTICLE{lucy94,
author={L. B. Lucy},
title={Astronomical inverse problems},
journal={Reviews in Modern Astronomy},
volume={7},
pages={31–50},
year={1994}
}

@inproceedings{stroppa05,
author = {Stroppa, Nicolas and Yvon, Franc\c{c}ois},
title = {An Analogical Learner for Morphological Analysis},
year = {2005},
publisher = {Association for Computational Linguistics},
address = {USA},
booktitle = {Proceedings of the Ninth Conference on Computational Natural Language Learning},
pages = {120–127},
numpages = {8},
location = {Ann Arbor, Michigan},
series = {CONLL ’05}
}

@article{fedorov15,
    title   = {{Variational Framework for Non-Local Inpainting}},
    author  = {Fedorov, Vadim and Facciolo, Gabriele and Arias, Pablo},
    journal = {{Image Processing On Line}},
    volume  = {5},
    pages   = {362--386},
    year    = {2015},
}

@techreport{chambolle08,
title={A convex approach for computing minimal partitions},
author={Chambolle, Antonin and Cremers, Daniel and Pock, Thomas},
number={649},
institution={CMAP, Ecole Polytechnique, France},
year={2008}
}

@article{beck09a,
  title={A fast iterative shrinkage-thresholding algorithm for linear inverse problems},
  author={Beck, Amir and Teboulle, Marc},
  journal={SIAM journal on imaging sciences},
  volume={2},
  number={1},
  pages={183--202},
  year={2009},
  publisher={SIAM}
}

@inproceedings{souiai2013co,
  title={A co-occurrence prior for continuous multi-label optimization},
  author={Souiai, Mohamed and Strekalovskiy, Evgeny and Nieuwenhuis, Claudia and Cremers, Daniel},
  booktitle={International Workshop on Energy Minimization Methods in Computer Vision and Pattern Recognition},
  pages={209--222},
  year={2013},
  organization={Springer}
}

%%%%%%%%%% TOTAL VARIATION %%%%%%%%%%%%

@article{rudin92,
 author = {Rudin, Leonid I. and Osher, Stanley and Fatemi, Emad},
 title = {Nonlinear Total Variation Based Noise Removal Algorithms},
 journal = {Phys. D},
 issue_date = {Nov. 1, 1992},
 volume = {60},
 number = {1-4},
 month = nov,
 year = {1992},
 issn = {0167-2789},
 pages = {259--268},
 numpages = {10},
 acmid = {142312},
 publisher = {Elsevier Science Publishers B. V.},
 address = {Amsterdam, The Netherlands, The Netherlands}
} 

@Article{chambolle04,
author="Chambolle, Antonin",
title="An Algorithm for Total Variation Minimization and Applications",
journal="Journal of Mathematical Imaging and Vision",
year="2004",
month="1",
day="01",
volume="20",
number="1",
pages="89--97",
issn="1573-7683"
}

@article{beck09b,
 author = {Beck, Amir and Teboulle, Marc},
 title = {Fast Gradient-based Algorithms for Constrained Total Variation Image Denoising and Deblurring Problems},
 journal = {Trans. Img. Proc.},
 issue_date = {November 2009},
 volume = {18},
 number = {11},
 month = nov,
 year = {2009},
 issn = {1057-7149},
 pages = {2419--2434},
 numpages = {16},
 acmid = {1720922},
 publisher = {IEEE Press},
 address = {Piscataway, NJ, USA},
 keywords = {Convex optimization, convex optimization, fast gradient-based methods, image deblurring, image denoising, total variation}
} 


%%%%%%%%%%% MUMFORD-SHAH CONTINUOUS %%%%%%%%%%%%%

@article{degiorgi89,
    author = {De Giorgi, Ennio and Carriero, Michelle and Leaci, Antion},
    title = {Existence theorem for a minimum problem with free discontinuity set},
    journal = {Archive for Rational Mechanics and Analysis},
    volume={108},
    number={4},
    year = {1989},
    pages = {195--218}
}

@article{mumford89,
    author = {Mumford, David and Shah, Jayant},
    title = {Optimal approximation by piecewise smooth functions and associated variational problems},
    journal = {Communications on pure and applied mathematics},
    volume={42},
    number={5},
    year = {1989},
    pages = {577--685}
}

@article{ambrosio90,
author = {Ambrosio, Luigi and Tortorelli, Vincenzo Maria},
title = {Approximation of functional depending on jumps by elliptic functional via t-convergence},
journal = {Communications on Pure and Applied Mathematics},
volume = {43},
number = {8},
pages = {999-1036},
year = {1990}
}


@article{chambolle99,
author={Chambolle, Antonin},
title={Finite-differences discretizations of the Mumford-Shah functional},
year={1999},
journal={Mathematical Modelling and Numerical Analysis},
volume={33},
number={2},
pages={261--288}
}

@Inbook{bar11,
author="Bar, Leah and Chan, Tony F. and Chung, Ginmo and Jung, Miyoun
and Kiryati, Nahum and Mohieddine, Rami and Sochen, Nir and Vese, Luminita A.",
title="Mumford and Shah Model and its Applications to Image Segmentation andImage Restoration",
bookTitle="Handbook of Mathematical Methods in Imaging",
year="2011",
publisher="Springer New York",
address="New York, NY",
pages="1095--1157",
}


@InProceedings{strekalovskiy14,
author={Strekalovskiy, Evgeny and Cremers, Daniel},
editor={Fleet, David and Pajdla, Tomas and Schiele, Bernt and Tuytelaars, Tinne},
title="Real-Time Minimization of the Piecewise Smooth Mumford-Shah Functional",
booktitle="Computer Vision -- ECCV 2014",
year="2014",
publisher="Springer International Publishing",
address="Cham",
pages="127--141",
isbn="978-3-319-10605-2"
}


%%%%%%%%%%% MUMFORD-SHAH DISCRETE %%%%%%%%%%%%%

@InProceedings{grady08,
author="Grady, Leo
and Alvino, Christopher",
editor="Forsyth, David
and Torr, Philip
and Zisserman, Andrew",
title="Reformulating and Optimizing the Mumford-Shah Functional on a Graph --- A Faster, Lower Energy Solution",
booktitle="Computer Vision -- ECCV 2008",
year="2008",
publisher="Springer Berlin Heidelberg",
address="Berlin, Heidelberg",
pages="248--261",
}

@InProceedings{foare17,
author="Foare, Marion
and Lachaud, Jacques-Olivier
and Talbot, Hugues",
editor="Kerautret, Bertrand
and Colom, Miguel
and Monasse, Pascal",
title="Numerical Implementation of the Ambrosio-Tortorelli Functional Using Discrete Calculus and Application to Image Restoration and Inpainting",
booktitle="Reproducible Research in Pattern Recognition",
year="2017",
publisher="Springer International Publishing",
address="Cham",
pages="91--103",
isbn="978-3-319-56414-2"
}



%%%%%%%%%%%%%%% ACTIVE CONTOURS %%%%%%%%%%%%%%%%%

@article{kass88,
author={Kass, Michael and Witkin, Andrew and Terzopoulos, Demetri},
title={Snakes: Active contour models},
year={1988},
journal={International Journal of Computer Vision},
pages={321--331},
volume={1},
issue={4},
issn={1573-1405},
}

@INPROCEEDINGS{mcinerney95, 
author={T. {McInerney} and D. {Terzopoulos}}, 
title={Topologically adaptable snakes}, 
booktitle={Proceedings of IEEE International Conference on Computer Vision}, 
year={1995}, 
pages={840-845}
} 

@ARTICLE{mcinerney99, 
author={ T., McInerney and D., Terzopoulos},
year={1996},
title={Deformable Models in Medical Image Analysis: A Survey}, 
journal={Medical Image Analysis},
volume={1},
number={2}
}

@ARTICLE{mcinemey99, 
title={Topology adaptive deformable surfaces for medical image volume segmentation},
author={T. {McInemey} and D. {Terzopoulos}}, 
journal={IEEE Transactions on Medical Imaging}, 
year={1999}, 
volume={18}, 
number={10}, 
pages={840-850}
} 


%%%%%%%%%%%% CHAN-VESE %%%%%%%%%%%%%

@ARTICLE{chan01,
author={Chan, Tony F. and Vese, Luminita A.},
journal={IEEE Transactions on Image Processing},
title={Active contours without edges},
year={2001},
volume={10},
number={2},
pages={266-277},
ISSN={1057-7149},
month={Feb}
}

@ARTICLE{vese02,
author={Vese, Luminita A. and Chan, Tony F.},
journal={International Journal of Computer Vision},
title={A Multiphase Level Set Framework for Image Segmentation Using the Mumford and Shah Model},
year={2002},
volume={50},
issue={3},
pages={271-293},
ISSN={1573-1405},
month={Dec},
}


@article{getreuer12,
    title   = {{Chan-Vese Segmentation}},
    author  = {Getreuer, Pascal},
    journal = {{Image Processing On Line}},
    volume  = {2},
    pages   = {214--224},
    year    = {2012},
}



%%%%%%%%%% GEODESICS %%%%%%%%%%%%

@article{caselles93,
  title={A geometric model for active contours in image processing},
  author={Caselles, Vicent and Catt{\'e}, Francine and Coll, Tomeu and Dibos, Fran{\c{c}}oise},
  journal={Numerische mathematik},
  volume={66},
  number={1},
  pages={1--31},
  year={1993},
  publisher={Springer}
}


@Article{caselles97,
author="Caselles, Vicent
and Kimmel, Ron
and Sapiro, Guillermo",
title="Geodesic Active Contours",
journal="International Journal of Computer Vision",
year="1997",
month="Feb",
day="01",
volume="22",
number="1",
pages="61--79",
}

@article{cohen97,
  title={Global minimum for active contour models: A minimal path approach},
  author={Cohen, Laurent D and Kimmel, Ron},
  journal={International journal of computer vision},
  volume={24},
  number={1},
  pages={57--78},
  year={1997},
  publisher={Springer}
}

@article{chen06,
  title={GACV: geodesic-aided C--V method},
  author={Chen, Li and Zhou, Yue and Wang, Yonggang and Yang, Jie},
  journal={Pattern Recognition},
  volume={39},
  number={7},
  pages={1391--1395},
  year={2006},
  publisher={Elsevier}
}

@article{jbabdi08,
  title={Accurate anisotropic fast marching for diffusion-based geodesic tractography},
  author={Jbabdi, Sa{\^a}d and Bellec, Pierre and Toro, Roberto and Daunizeau, Jean and P{\'e}l{\'e}grini-Issac, M{\'e}lanie and Benali, Habib},
  journal={International journal of biomedical imaging},
  volume={2008},
  year={2008},
  publisher={Hindawi}
}


@article{benmansour09,
  title={Fast object segmentation by growing minimal paths from a single point on 2D or 3D images},
  author={Benmansour, Fethallah and Cohen, Laurent D},
  journal={Journal of Mathematical Imaging and Vision},
  volume={33},
  number={2},
  pages={209--221},
  year={2009},
  publisher={Springer}
}

@article{benmansour11,
  title={Tubular structure segmentation based on minimal path method and anisotropic enhancement},
  author={Benmansour, Fethallah and Cohen, Laurent D},
  journal={International Journal of Computer Vision},
  volume={92},
  number={2},
  pages={192--210},
  year={2011},
  publisher={Springer}
}


@article{peyre10,
  title={Geodesic methods in computer vision and graphics},
  author={Peyr{\'e}, Gabriel and P{\'e}chaud, Mickael and Keriven, Renaud and Cohen, Laurent D and others},
  journal={Foundations and Trends{\textregistered} in Computer Graphics and Vision},
  volume={5},
  number={3--4},
  pages={197--397},
  year={2010},
  publisher={Now Publishers, Inc.}
}


%%%%%%%%%%%%%%%%%% CONVEXIFICATION %%%%%%%%%%%%%%%%%%%%%

@article{chan99,
  title={A nonlinear primal-dual method for total variation-based image restoration},
  author={Chan, Tony F and Golub, Gene H and Mulet, Pep},
  journal={SIAM journal on scientific computing},
  volume={20},
  number={6},
  pages={1964--1977},
  year={1999},
  publisher={SIAM}
}


@article{chan06,
  title={Algorithms for finding global minimizers of image segmentation and denoising models},
  author={Chan, Tony F and Esedoglu, Selim and Nikolova, Mila},
  journal={SIAM journal on applied mathematics},
  volume={66},
  number={5},
  pages={1632--1648},
  year={2006},
  publisher={SIAM}
}

@inproceedings{pock08,
  title={A convex formulation of continuous multi-label problems},
  author={Pock, Thomas and Schoenemann, Thomas and Graber, Gottfried and Bischof, Horst and Cremers, Daniel},
  booktitle={European conference on computer vision},
  pages={792--805},
  year={2008},
  organization={Springer}
}

@inproceedings{zach09,
author={Zach, Christopher and Gallup, David and Frahm, Jan-Michael and Niethammer, Marc},
title={Fast global labeling for real-time stereo using multiple plane sweeps},
booktitle={Workshop on Vision, Modeling and Visualization},
year={2009}
}

@inproceedings{pock09,
  title={An algorithm for minimizing the Mumford-Shah functional},
  author={Pock, Thomas and Cremers, Daniel and Bischof, Horst and Chambolle, Antonin},
  booktitle={2009 IEEE 12th International Conference on Computer Vision},
  pages={1133--1140},
  year={2009},
  organization={IEEE}
}

@article{chambolle11,
  title={A first-order primal-dual algorithm for convex problems with applications to imaging},
  author={Chambolle, Antonin and Pock, Thomas},
  journal={Journal of mathematical imaging and vision},
  volume={40},
  number={1},
  pages={120--145},
  year={2011},
  publisher={Springer}
}

@inproceedings{strekalovskiy12,
  title={A convex representation for the vectorial Mumford-Shah functional},
  author={Strekalovskiy, Evgeny and Chambolle, Antonin and Cremers, Daniel},
  booktitle={2012 IEEE Conference on Computer Vision and Pattern Recognition},
  pages={1712--1719},
  year={2012},
  organization={IEEE}
}


%%%%%%%%%%%%%%%% MRF, GIBBS, Stochastic Relaxation %%%%%%%%%%%%%

@article{viterbi67,
  title={Error bounds for convolutional codes and an asymptotically optimum decoding algorithm},
  author={Viterbi, Andrew},
  journal={IEEE transactions on Information Theory},
  volume={13},
  number={2},
  pages={260--269},
  year={1967},
  publisher={IEEE}
}

@inproceedings{pearl82,
author = {Pearl, Judea},
title = {Reverend Bayes on Inference Engines: A Distributed Hierarchical Approach},
year = {1982},
publisher = {AAAI Press},
booktitle = {Proceedings of the Second AAAI Conference on Artificial Intelligence},
pages = {133–136},
numpages = {4},
location = {Pittsburgh, Pennsylvania},
series = {AAAI’82}
}

@incollection{nemhauser81,
  title={Maximizing submodular set functions: formulations and analysis of algorithms},
  author={Nemhauser, George L and Wolsey, Laurence A},
  booktitle={North-Holland Mathematics Studies},
  volume={59},
  pages={279--301},
  year={1981},
  publisher={Elsevier}
}

@article{billionnet85,
  title={Maximizing a supermodular pseudoboolean function: A polynomial algorithm for supermodular cubic functions},
  author={Billionnet, Alain and Minoux, Michel},
  journal={Discrete Applied Mathematics},
  volume={12},
  number={1},
  pages={1--11},
  year={1985},
  publisher={Elsevier}
}


@ARTICLE{geman84,
author={S. {Geman} and D. {Geman}},
journal={IEEE Transactions on Pattern Analysis and Machine Intelligence},
title={Stochastic Relaxation, Gibbs Distributions, and the Bayesian Restoration of Images},
year={1984},
volume={PAMI-6},
number={6},
pages={721-741},
month={Nov}
}

@article{besag86,
  title={On the statistical analysis of dirty pictures},
  author={Besag, Julian},
  journal={Journal of the Royal Statistical Society: Series B (Methodological)},
  volume={48},
  number={3},
  pages={259--279},
  year={1986},
  publisher={Wiley Online Library}
}

%%%%%%%%%%%%%%%% Pseudo-boolean functions %%%%%%%%%%%%%%%%

@article{hammer84,
  title={Roof duality, complementation and persistency in quadratic 0--1 optimization},
  author={Hammer, Peter L and Hansen, Pierre and Simeone, Bruno},
  journal={Mathematical programming},
  volume={28},
  number={2},
  pages={121--155},
  year={1984},
  publisher={Springer}
}

@techreport{boros91,
  title={Network flows and minimization of quadratic pseudo-Boolean functions},
  author={Boros, Endre and Hammer, Peter L and Sun, Xiaorong},
  year={1991},
  institution={Technical Report RRR 17-1991, RUTCOR}
}

@article{boros02pseudo,
title = "Pseudo-Boolean optimization",
journal = "Discrete Applied Mathematics",
volume = "123",
number = "1",
pages = "155 - 225",
year = "2002",
author = "Endre Boros and Peter L. Hammer"
}



@inproceedings{boykov01graphcut,
author={Y. Y. Boykov and M. P. Jolly},
booktitle={Proceedings Eighth IEEE International Conference on Computer Vision. ICCV 2001},
title={Interactive graph cuts for optimal boundary amp; region segmentation of objects in N-D images},
year={2001},
volume={1},
number={},
pages={105-112 vol.1},
month={},}

@article{boykov01fast,
  title={Fast approximate energy minimization via graph cuts},
  author={Boykov, Yuri and Veksler, Olga and Zabih, Ramin},
  journal={IEEE Transactions on pattern analysis and machine intelligence},
  volume={23},
  number={11},
  pages={1222--1239},
  year={2001},
  publisher={IEEE}
}


@book{koller09,
  title={Probabilistic Graphical Models: Principles and Techniques},
  author={Koller, D. and Friedman, N.},
  isbn={9780262013192},
  lccn={2009008615},
  series={Adaptive computation and machine learning},
  year={2009},
  publisher={MIT Press}
}

@article{orlin09faster,
  title={A faster strongly polynomial time algorithm for submodular function minimization},
  author={Orlin, James B},
  journal={Mathematical Programming},
  volume={118},
  number={2},
  pages={237--251},
  year={2009},
  publisher={Springer}
}



%%%%%%%%%%%%%%%%%%% Graph cuts %%%%%%%%%%%%%%%%%%%

@article{greig89exact,
  title={Exact maximum a posteriori estimation for binary images},
  author={Greig, Dorothy M and Porteous, Bruce T and Seheult, Allan H},
  journal={Journal of the Royal Statistical Society: Series B (Methodological)},
  volume={51},
  number={2},
  pages={271--279},
  year={1989},
  publisher={Wiley Online Library}
}

@INPROCEEDINGS{boykov03geodesics,
author={Y. Boykov and V. Kolmogorov},
booktitle={Proceedings Ninth IEEE International Conference on Computer Vision},
title={Computing geodesics and minimal surfaces via graph cuts},
year={2003},
volume={},
number={},
pages={26-33 vol.1},
month={Oct},}

@article{ishikawa03,
  title={Exact optimization for Markov random fields with convex priors},
  author={Ishikawa, Hiroshi},
  journal={IEEE transactions on pattern analysis and machine intelligence},
  volume={25},
  number={10},
  pages={1333--1336},
  year={2003},
  publisher={IEEE}
}

@ARTICLE{kolmogorov04whatenergies,
author={V. Kolmogorov and R. Zabin},
journal={IEEE Transactions on Pattern Analysis and Machine Intelligence},
title={What energy functions can be minimized via graph cuts?},
year={2004},
volume={26},
number={2},
pages={147-159},
month={Feb},}

@article{rother04grabcut,
 author = {Rother, Carsten and Kolmogorov, Vladimir and Blake, Andrew},
 title = {"GrabCut": Interactive Foreground Extraction Using Iterated Graph Cuts},
 journal = {ACM Trans. Graph.},
 issue_date = {August 2004},
 volume = {23},
 number = {3},
 month = aug,
 year = {2004},
 issn = {0730-0301},
 pages = {309--314},
 numpages = {6},
 publisher = {ACM}
} 

@inproceedings{szeliski06comparative,
  title={A comparative study of energy minimization methods for markov random fields},
  author={Szeliski, Richard and Zabih, Ramin and Scharstein, Daniel and Veksler, Olga and Kolmogorov, Vladimir and Agarwala, Aseem and Tappen, Marshall and Rother, Carsten},
  booktitle={European conference on computer vision},
  pages={16--29},
  year={2006},
  organization={Springer}
}

@article{rother07qpbo,
  title={Optimizing Binary MRFs via Extended Roof Duality},
  author={Carsten Rother and Vladimir Kolmogorov and Victor S. Lempitsky and Martin Szummer},
  journal={2007 IEEE Conference on Computer Vision and Pattern Recognition},
  year={2007},
  pages={1-8}
}

@inproceedings{kolmogorov07nonsubmodular,
author = {Kolmogorov, Vladimir and Rother, Carsten},
title = {Minimizing non-submodular functions with graph cuts - a review},
booktitle = {},
year = {2007},
month = {January},
journal = {PAMI},
volume = {29},
}

@inproceedings{veksler07graph,
  title={Graph cut based optimization for MRFs with truncated convex priors},
  author={Veksler, Olga},
  booktitle={2007 IEEE Conference on Computer Vision and Pattern Recognition},
  pages={1--8},
  year={2007},
  organization={IEEE}
}

@inproceedings{vicente08graph,
  title={Graph cut based image segmentation with connectivity priors},
  author={Vicente, Sara and Kolmogorov, Vladimir and Rother, Carsten},
  booktitle={2008 IEEE conference on computer vision and pattern recognition},
  pages={1--8},
  year={2008},
  organization={IEEE}
}

@inproceedings{delong08scalable,
  title={A scalable graph-cut algorithm for ND grids},
  author={Delong, Andrew and Boykov, Yuri},
  booktitle={2008 IEEE Conference on Computer Vision and Pattern Recognition},
  pages={1--8},
  year={2008},
  organization={IEEE}
}

@inproceedings{juan06active,
  title={Active graph cuts},
  author={Juan, Olivier and Boykov, Yuri},
  booktitle={2006 IEEE Computer Society Conference on Computer Vision and Pattern Recognition (CVPR'06)},
  volume={1},
  pages={1023--1029},
  year={2006},
  organization={IEEE}
}

@inproceedings{kohli05efficiently,
  title={Efficiently solving dynamic markov random fields using graph cuts},
  author={Kohli, Pushmeet and Torr, Philip HS},
  booktitle={Tenth IEEE International Conference on Computer Vision (ICCV'05) Volume 1},
  volume={2},
  pages={922--929},
  year={2005},
  organization={IEEE}
}


@inproceedings{ramalingam08,
  title={Exact inference in multi-label CRFs with higher order cliques},
  author={Ramalingam, Srikumar and Kohli, Pushmeet and Alahari, Karteek and Torr, Philip HS},
  booktitle={2008 IEEE Conference on Computer Vision and Pattern Recognition},
  pages={1--8},
  year={2008},
  organization={IEEE}
}

@article{ishikawa10,
  title={Transformation of general binary MRF minimization to the first-order case},
  author={Ishikawa, Hiroshi},
  journal={IEEE transactions on pattern analysis and machine intelligence},
  volume={33},
  number={6},
  pages={1234--1249},
  year={2010},
  publisher={IEEE}
}

@book{blake11markov,
  title={Markov random fields for vision and image processing},
  author={Blake, Andrew and Kohli, Pushmeet and Rother, Carsten},
  year={2011},
  publisher={Mit Press}
}

%%%%%%%%%%%%% TV and Curvature Flow %%%%%%%%%%%%%%%%%%

@article{huisken84flow,
  title={Flow by mean curvature of convex surfaces into spheres},
  author={Huisken, Gerhard and others},
  journal={Journal of Differential Geometry},
  volume={20},
  number={1},
  pages={237--266},
  year={1984},
  publisher={Lehigh University}
}

@article{gage86heat,
  title={The heat equation shrinking convex plane curves},
  author={Gage, Michael and Hamilton, Richard S and others},
  journal={Journal of Differential Geometry},
  volume={23},
  number={1},
  pages={69--96},
  year={1986},
  publisher={Lehigh University}
}

@article{osher88fronts,
  title={Fronts propagating with curvature-dependent speed: algorithms based on Hamilton-Jacobi formulations},
  author={Osher, Stanley and Sethian, James A},
  journal={Journal of computational physics},
  volume={79},
  number={1},
  pages={12--49},
  year={1988},
  publisher={Elsevier}
}


@article{bellettini02total,
  title={The total variation flow in RN},
  author={Bellettini, Giovanni and Caselles, Vicent and Novaga, Matteo},
  journal={Journal of Differential Equations},
  volume={184},
  number={2},
  pages={475--525},
  year={2002},
  publisher={Elsevier}
}

@article{ecker08heat,
  title={Heat equations in geometry and topology},
  author={Ecker, Klaus},
  journal={Jahresber. Deutsch. Math.-Verein},
  volume={110},
  number={3},
  pages={117--141},
  year={2008}
}


%%%%%%%%%% INPAINTING  %%%%%%%%%%%%%%%%

@article{chan01nontexture,
  title={Nontexture inpainting by curvature-driven diffusions},
  author={Chan, Tony F and Shen, Jianhong},
  journal={Journal of Visual Communication and Image Representation},
  volume={12},
  number={4},
  pages={436--449},
  year={2001},
  publisher={Elsevier}
}

@inproceedings{bertalmio00image,
  title={Image inpainting},
  author={Bertalmio, Marcelo and Sapiro, Guillermo and Caselles, Vincent and Ballester, Coloma},
  booktitle={Proceedings of the 27th annual conference on Computer graphics and interactive techniques},
  pages={417--424},
  year={2000}
}


%%%%%%%%%% ELASTICA %%%%%%%%%%

@book{truesdell60rational,
  title={The rational mechanics of flexible or elastic bodies},
  author={Truesdell, Clifford Ambrose},
  year={1960}
}

@incollection{mumford94elastica,
  title={Elastica and computer vision},
  author={Mumford, David},
  booktitle={Algebraic geometry and its applications},
  pages={491--506},
  year={1994},
  publisher={Springer}
}

@InProceedings{masnou98inpainting,
author={S. Masnou and J. M. Morel},
booktitle={Proceedings 1998 International Conference on Image Processing. ICIP98 (Cat. No.98CB36269)},
title={Level lines based disocclusion},
year={1998},
volume={},
number={},
pages={259-263 vol.3},
month={Oct},}

@ARTICLE{chan02elasticainpainting,
    author = {Tony F. Chan and Sung Ha Kang and Kang and Jianhong Shen},
    title = {Euler's Elastica And Curvature Based Inpaintings},
    journal = {SIAM J. Appl. Math},
    year = {2002},
    volume = {63},
    pages = {564--592}
}

@inproceedings{singer08lectures,
  title={Lectures on elastic curves and rods},
  author={Singer, David A},
  booktitle={AIP Conference Proceedings},
  volume={1002},
  number={1},
  pages={3--32},
  year={2008},
  organization={American Institute of Physics}
}

@article{levien08elastica,
  title={The elastica: a mathematical history},
  author={Levien, Raph},
  journal={Electrical Engineering and Computer Sciences University of California at Berkeley},
  year={2008},
  publisher={Citeseer}
}

@article{ballester01filling,
  title={Filling-in by joint interpolation of vector fields and gray levels},
  author={Ballester, Coloma and Bertalmio, Marcelo and Caselles, Vicent and Sapiro, Guillermo and Verdera, Joan},
  journal={IEEE transactions on image processing},
  volume={10},
  number={8},
  pages={1200--1211},
  year={2001},
  publisher={IEEE}
}

@article{ambrosio03direct,
  title={A direct variational approach to a problem arising in image reconstruction},
  author={Ambrosio, Luigi and Masnou, Simon},
  journal={Interfaces and Free Boundaries},
  volume={5},
  number={1},
  pages={63--81},
  year={2003}
}

@article{bruckstein01discrete,
  title={Discrete elastica},
  author={Bruckstein, Alfred M and Holt, Robert J and Netravali, Arun N},
  journal={Applicable Analysis},
  volume={78},
  number={3-4},
  pages={453--485},
  year={2001},
  publisher={Taylor \& Francis}
}

@article{bruckstein01epi,
  title={Epi-convergence of discrete elastica},
  author={Bruckstein, Alfred M and Netravali, Arun N and Richardson, Tom J},
  journal={Applicable Analysis},
  volume={79},
  number={1-2},
  pages={137--171},
  year={2001},
  publisher={Taylor \& Francis}
}

@INPROCEEDINGS{schoenemann09linear,
author={T. Schoenemann and F. Kahl and D. Cremers},
booktitle={2009 IEEE 12th International Conference on Computer Vision},
title={Curvature regularity for region-based image segmentation and inpainting: A linear programming relaxation},
year={2009},
volume={},
number={},
pages={17-23},
month={Sept},}

@INPROCEEDINGS{zehiry10fast,
author={N. Y. El-Zehiry and L. Grady},
booktitle={2010 IEEE Computer Society Conference on Computer Vision and Pattern Recognition},
title={Fast global optimization of curvature},
year={2010},
volume={},
number={},
pages={3257-3264},
month={June},}

@inproceedings{gorelick14local,
  title={Local submodular approximations for binary pairwise energies},
  author={Gorelick, L and Veksler, O and Boykov, Y and Ben Ayed, I and Delong, A},
  booktitle={Computer Vision and Pattern Recognition},
  volume={1},
  pages={4},
  year={2014}
}

@INPROCEEDINGS{nieuwenhuis14efficient,
author={C. Nieuwenhuis and E. Toeppe and L. Gorelick and O. Veksler and Y. Boykov},
booktitle={2014 IEEE Conference on Computer Vision and Pattern Recognition},
title={Efficient Squared Curvature},
year={2014},
volume={},
number={},
pages={4098-4105},
month={June},}

%%%%%%%%%% DIGITAL GEOMETRY %%%%%%%%%%%%%


%A Morphological Approach to Curvature-based Evolution of Curves and Surfaces, Pablo Márquez-Neila, Luis Baumela, Luis Álvarez. In IEEE Transactions on Pattern Analysis and Machine Intelligence (PAMI), 2014

@article{dorst87length,
  title={Length estimators for digitized contours.},
  author={Dorst, Leo and Smeulders, Arnold WM and others},
  journal={Computer Vision, Graphics, and Image Processing},
  volume={40},
  number={3},
  pages={311--333},
  year={1987}
}

@article{kovalevsky92theoretical,
  title={Theoretical and experimental analysis of the accuracy of perimeter estimates},
  author={Kovalevsky, V},
  journal={Robust Computer Vision},
  pages={218--242},
  year={1992},
  publisher={Wichmann}
}

@article{sloboda98approximation,
  title={On approximation of planar one-dimensional continua},
  author={Sloboda, Fridrich},
  journal={Advances in Digital and Computational Geometry},
  pages={113--160},
  year={1998},
  publisher={Springer}
}

@article{klette00multigrid,
  title={Multigrid convergence of calculated features in image analysis},
  author={Klette, Reinhard and {\v{Z}}uni{\'c}, Jovi{\v{s}}a},
  journal={Journal of Mathematical Imaging and Vision},
  volume={13},
  number={3},
  pages={173--191},
  year={2000},
  publisher={Springer}
}


@inproceedings{tajine03local,
  title={On local definitions of length of digital curves},
  author={Tajine, Mohamed and Daurat, Alain},
  booktitle={International Conference on Discrete Geometry for Computer Imagery},
  pages={114--123},
  year={2003},
  organization={Springer}
}

@book{klette04digital,
  title={Digital geometry: Geometric methods for digital picture analysis},
  author={Klette, Reinhard and Rosenfeld, Azriel},
  year={2004},
  publisher={Elsevier}
}

@InProceedings{manay04intinvariant,
author="Manay, Siddharth
and Hong, Byung-Woo
and Yezzi, Anthony J.
and Soatto, Stefano",
editor="Pajdla, Tom{\'a}s
and Matas, Ji{\v{r}}{\'i}",
title="Integral Invariant Signatures",
booktitle="Computer Vision - ECCV 2004",
year="2004",
publisher="Springer Berlin Heidelberg",
address="Berlin, Heidelberg",
pages="87--99"
}

@phdthesis{lachaud06hdr,
  TITLE = {{Non-Euclidean spaces and image analysis : Riemannian and discrete deformable models, discrete topology and geometry}},
  AUTHOR = {Lachaud, Jacques-Olivier},
  URL = {https://tel.archives-ouvertes.fr/tel-00396332},
  SCHOOL = {{Universit{\'e} Sciences et Technologies - Bordeaux I}},
  YEAR = {2006},
  MONTH = Dec,
}

@article{lachaud07tangent,
 author = {Lachaud, Jacques-Olivier and Vialard, Anne and de Vieilleville, Fran\c{c}ois},
 title = {Fast, Accurate and Convergent Tangent Estimation on Digital Contours},
 journal = {Image Vision Comput.},
 issue_date = {October, 2007},
 volume = {25},
 number = {10},
 month = oct,
 year = {2007},
 issn = {0262-8856},
 pages = {1572--1587},
 numpages = {16},
 acmid = {1279437},
 publisher = {Butterworth-Heinemann}
}

@inproceedings{provenccal09two,
  title={Two linear-time algorithms for computing the minimum length polygon of a digital contour},
  author={Proven{\c{c}}al, Xavier and Lachaud, Jacques-Olivier},
  booktitle={International Conference on Discrete Geometry for Computer Imagery},
  pages={104--117},
  year={2009},
  organization={Springer}
}

@article{pottman09intinvariant,
title = "Integral invariants for robust geometry processing",
journal = "Computer Aided Geometric Design",
volume = "26",
number = "1",
pages = "37 - 60",
year = "2009",
author = "Helmut Pottmann and Johannes Wallner and Qi-Xing Huang and Yong-Liang Yang",
keywords = "Geometry processing, Curvature, Integral invariant, Stability, 3D shape understanding"
}

@InProceedings{roussillon11mdca,
author="Roussillon, Tristan
and Lachaud, Jacques-Olivier",
editor="Aggarwal, Jake K.
and Barneva, Reneta P.
and Brimkov, Valentin E.
and Koroutchev, Kostadin N.
and Korutcheva, Elka R.",
title="Accurate Curvature Estimation along Digital Contours with Maximal Digital Circular Arcs",
booktitle="Combinatorial Image Analysis",
year="2011",
publisher="Springer Berlin Heidelberg",
address="Berlin, Heidelberg",
pages="43--55",
}


@Inbook{coeurjolly12multigrid,
author="Coeurjolly, David
and Lachaud, Jacques-Olivier
and Roussillon, Tristan",
title="Multigrid Convergence of Discrete Geometric Estimators",
bookTitle="Digital Geometry Algorithms: Theoretical Foundations and Applications to Computational Imaging",
year="2012",
publisher="Springer Netherlands",
address="Dordrecht",
pages="395--424",
}

@InProceedings{coeurjolly13integral,
author="Coeurjolly, David
and Lachaud, Jacques-Olivier
and Levallois, J{\'e}r{\'e}my",
editor="Gonzalez-Diaz, Rocio
and Jimenez, Maria-Jose
and Medrano, Belen",
title="Integral Based Curvature Estimators in Digital Geometry",
booktitle="Discrete Geometry for Computer Imagery",
year="2013",
publisher="Springer Berlin Heidelberg",
address="Berlin, Heidelberg",
pages="215--227",
}

@article{lachaud13multigrid,
  title={Multigrid-convergence of digital curvature estimators},
  author={Lachaud, Jacques-Olivier},
  journal={Actes des rencontres du CIRM},
  volume={3},
  number={1},
  pages={171--181},
  year={2013}
}

@article{schindele17mdca,
 author = {Schindele, Andreas and Massopust, Peter and Forster, Brigitte},
 title = {Multigrid Convergence for the {MDCA} Curvature Estimator},
 journal = {J. Math. Imaging Vis.},
 issue_date = {March     2017},
 volume = {57},
 number = {3},
 month = mar,
 year = {2017},
 issn = {0924-9907},
 pages = {423--438},
 numpages = {16},
 publisher = {Kluwer Academic Publishers},
 address = {Norwell, MA, USA}
} 

@incollection{lachaud17robust,
  title={Robust and convergent curvature and normal estimators with digital integral invariants},
  author={Lachaud, Jacques-Olivier and Coeurjolly, David and Levallois, J{\'e}r{\'e}my},
  booktitle={Modern Approaches to Discrete Curvature},
  pages={293--348},
  year={2017},
  publisher={Springer}
}


%%%%%%%%%%%%%%%%%%%% IMAGE ANALYSIS APPLICATION FIGURES %%%%%%%%%%%%%%
segmentation-crops

@article{li2015object,
  title={Object-based crop classification with Landsat-MODIS enhanced time-series data},
  author={Li, Qingting and Wang, Cuizhen and Zhang, Bing and Lu, Linlin},
  journal={Remote Sensing},
  volume={7},
  number={12},
  pages={16091--16107},
  year={2015},
  publisher={Multidisciplinary Digital Publishing Institute}
}

@article{li2019gff,
  title={Gff: Gated fully fusion for semantic segmentation},
  author={Li, Xiangtai and Zhao, Houlong and Han, Lei and Tong, Yunhai and Yang, Kuiyuan},
  journal={arXiv preprint arXiv:1904.01803},
  year={2019}
}

@article{xu2018deep,
  title={Deep memory connected neural network for optical remote sensing image restoration},
  author={Xu, Wenjia and Xu, Guangluan and Wang, Yang and Sun, Xian and Lin, Daoyu and Wu, Yirong},
  journal={Remote Sensing},
  volume={10},
  number={12},
  pages={1893},
  year={2018},
  publisher={Multidisciplinary Digital Publishing Institute}
}

@article{jiang2018denoising,
  title={Denoising of 3D magnetic resonance images with multi-channel residual learning of convolutional neural network},
  author={Jiang, Dongsheng and Dou, Weiqiang and Vosters, Luc and Xu, Xiayu and Sun, Yue and Tan, Tao},
  journal={Japanese journal of radiology},
  volume={36},
  number={9},
  pages={566--574},
  year={2018},
  publisher={Springer}
}

@inproceedings{yu2018generative,
  title={Generative image inpainting with contextual attention},
  author={Yu, Jiahui and Lin, Zhe and Yang, Jimei and Shen, Xiaohui and Lu, Xin and Huang, Thomas S},
  booktitle={Proceedings of the IEEE conference on computer vision and pattern recognition},
  pages={5505--5514},
  year={2018}
}



%%%%%%%%%%%%% Contributions %%%%%%%%%%%%%

%@InProceedings{antunes19,
%author="Antunes, Daniel
%and Lachaud, Jacques-Olivier
%and Talbot, Hugues",
%editor="Couprie, Michel
%and Cousty, Jean
%and Kenmochi, Yukiko
%and Mustafa, Nabil",
%title="Digital Curvature Evolution Model for Image Segmentation",
%booktitle="Discrete Geometry for Computer Imagery",
%year="2019",
%publisher="Springer International Publishing",
%address="Cham",
%pages="15--26",
%isbn="978-3-030-14085-4"
%}




%@article{coeurjolly04comparative,
%author={D. Coeurjolly and R. Klette},
%journal={IEEE Transactions on Pattern Analysis and Machine Intelligence},
%title={A comparative evaluation of length estimators of digital curves},
%year={2004},
%volume={26},
%number={2},
%pages={252-258},
%month={Feb}
%}

%@article{tai11elastica,
% author = {Tai, Xue-Cheng and Hahn, Jooyoung and Chung, Ginmo Jason},
% title = {A Fast Algorithm for Euler's Elastica Model Using Augmented Lagrangian Method},
% journal = {SIAM J. Img. Sci.},
% issue_date = {February 2011},
% volume = {4},
% number = {1},
% month = mar,
% year = {2011},
% pages = {313--344},
% numpages = {32}
%} 


%%% New references HT

%@article{el2016contrast,
%  title={Contrast driven {E}lastica for image segmentation},
%  author={El-Zehiry, Noha Youssry and Grady, Leo},
%  journal={IEEE Transactions on Image Processing},
%  volume={25},
%  number={6},
%  pages={2508--2518},
%  year={2016},
%  publisher={IEEE}
%}
%
%@article{malladi1995image,
%  title={Image processing via level set curvature flow},
%  author={Malladi, Ravi and Sethian, James A},
%  journal={proceedings of the National Academy of sciences},
%  volume={92},
%  number={15},
%  pages={7046--7050},
%  year={1995},
%  publisher={National Acad Sciences}
%}
%
%@article{malladi1995shape,
%  title={Shape Modeling with Front Propagation: A Level Set Approach},
%  author={Malladi, Ravikanth and Sethian, James A and Vemuri, Baba C},
%  journal={{IEEE} T. Patt. Anal. Mach. Intell.},
%  volume={17},
%  number={2},
%  year={1995},
%  publisher={Citeseer}
%}
%
%@article{lim2012introducing,
%  title={Introducing Willmore flow into level set segmentation of spinal vertebrae},
%  author={Lim, Poay Hoon and Bagci, Ulas and Bai, Li},
%  journal={IEEE Transactions on Biomedical Engineering},
%  volume={60},
%  number={1},
%  pages={115--122},
%  year={2012},
%  publisher={IEEE}
%}
%
%@article{bobenko2005discrete,
%  title={Discrete willmore flow},
%  author={Bobenko, Alexander I and Schr{\"o}der, Peter},
%  year={2005},
%  publisher={Eurographics Association}
%}
%
%@article{schoenemann2011elastic,
%  title={The elastic ratio: Introducing curvature into ratio-based image segmentation},
%  author={Schoenemann, Thomas and Masnou, Simon and Cremers, Daniel},
%  journal={IEEE Transactions on Image Processing},
%  volume={20},
%  number={9},
%  pages={2565--2581},
%  year={2011},
%  publisher={IEEE}
%}
%
%@InProceedings{martinFTM01berkeley,
%  author = {D. Martin and C. Fowlkes and D. Tal and J. Malik},
%  title = {A Database of Human Segmented Natural Images and its
%           Application to Evaluating Segmentation Algorithms and
%           Measuring Ecological Statistics},
%  booktitle = {Proc. 8th Int'l Conf. Computer Vision},
%  year = {2001},
%  month = {July},
%  volume = {2},
%  pages = {416--423}
%}
%
%@InProceedings{strandmark11globalframework,
%author="Strandmark, Petter
%and Kahl, Fredrik",
%editor="Boykov, Yuri
%and Kahl, Fredrik
%and Lempitsky, Victor
%and Schmidt, Frank R.",
%title="Curvature Regularization for Curves and Surfaces in a Global Optimization Framework",
%booktitle="Energy Minimization Methods in Computer Vision and Pattern Recognition",
%year="2011",
%publisher="Springer Berlin Heidelberg",
%address="Berlin, Heidelberg",
%pages="205--218",
%isbn="978-3-642-23094-3"
%}
%
%@ARTICLE{ballester01filljoint,
%author={C. {Ballester} and M. {Bertalmio} and V. {Caselles} and G. {Sapiro} and J. {Verdera}},
%journal={IEEE Transactions on Image Processing},
%title={Filling-in by joint interpolation of vector fields and gray levels},
%year={2001},
%volume={10},
%number={8},
%pages={1200-1211},
%ISSN={1057-7149},
%month={Aug}}
%
%
%@INPROCEEDINGS{goldluecke11totalcurvature,
%author={B. {Goldluecke} and D. {Cremers}},
%booktitle={2011 International Conference on Computer Vision},
%title={Introducing total curvature for image processing},
%year={2011},
%volume={},
%number={},
%pages={1267-1274},
%keywords={computational geometry;image processing;minimisation;Radon transforms;total curvature;image processing;Menger-Melnikov curvature;Radon measure;convex relaxation;convex set;minimization algorithm;TV;Minimization;Approximation methods;Integral equations;Noise reduction;Image segmentation},
%ISSN={2380-7504},
%month={Nov},}
%
%
%@article{bredies15convex,
%author = {Bredies, Kristian and Pock, Thomas and Wirth, Benedikt},
%year = {2015},
%month = {01},
%pages = {566-613},
%title = {A Convex, Lower Semicontinuous Approximation of Euler's Elastica Energy},
%volume = {47},
%journal = {SIAM Journal on Mathematical Analysis},
%}
%
%
%@article{droske2004level,
%  title={A level set formulation for Willmore flow},
%  author={Droske, Marc and Rumpf, Martin},
%  journal={Interfaces and free boundaries},
%  volume={6},
%  number={3},
%  pages={361--378},
%  year={2004}
%}
%
%@article{bretin2015phase,
%  title={Phase-field approximations of the Willmore functional and flow},
%  author={Bretin, Elie and Masnou, Simon and Oudet, Edouard},
%  journal={Numerische Mathematik},
%  volume={131},
%  number={1},
%  pages={115--171},
%  year={2015},
%  publisher={Springer}
%}
%
%@article{esedoglu2008threshold,
%  title={Threshold dynamics for high order geometric motions},
%  author={Esedoglu, Selim and Ruuth, Steven J and Tsai, Richard},
%  journal={Interfaces and Free Boundaries},
%  volume={10},
%  number={3},
%  pages={263--282},
%  year={2008}
%}
%
%@inproceedings{esedoglu2005threshold,
%  title={Threshold dynamics for shape reconstruction and disocclusion},
%  author={Esedoglu, Selim and Ruuth, Steven and Tsai, Richard},
%  booktitle={IEEE International Conference on Image Processing 2005},
%  volume={2},
%  pages={II--502},
%  year={2005},
%  organization={IEEE}
%}
%
%@article{zhu2013image,
%  title={Image segmentation using Euler’s elastica as the regularization},
%  author={Zhu, Wei and Tai, Xue-Cheng and Chan, Tony},
%  journal={Journal of scientific computing},
%  volume={57},
%  number={2},
%  pages={414--438},
%  year={2013},
%  publisher={Springer}
%}
%
%		
%
%@article{deng2019new,
%  title={A New Operator Splitting Method for the Euler Elastica Model for Image Smoothing},
%  author={Deng, Liang-Jian and Glowinski, Roland and Tai, Xue-Cheng},
%  journal={SIAM Journal on Imaging Sciences},
%  volume={12},
%  number={2},
%  pages={1190--1230},
%  year={2019},
%  publisher={SIAM}
%}
