@InProceedings{coeurjolly13integral,
author="Coeurjolly, David
and Lachaud, Jacques-Olivier
and Levallois, J{\'e}r{\'e}my",
editor="Gonzalez-Diaz, Rocio
and Jimenez, Maria-Jose
and Medrano, Belen",
title="Integral Based Curvature Estimators in Digital Geometry",
booktitle="Discrete Geometry for Computer Imagery",
year="2013",
publisher="Springer Berlin Heidelberg",
address="Berlin, Heidelberg",
pages="215--227",
}

@Inbook{coeurjolly12multigrid,
author="Coeurjolly, David
and Lachaud, Jacques-Olivier
and Roussillon, Tristan",
title="Multigrid Convergence of Discrete Geometric Estimators",
bookTitle="Digital Geometry Algorithms: Theoretical Foundations and Applications to Computational Imaging",
year="2012",
publisher="Springer Netherlands",
address="Dordrecht",
pages="395--424",
}

@InProceedings{roussillon11mdca,
author="Roussillon, Tristan
and Lachaud, Jacques-Olivier",
editor="Aggarwal, Jake K.
and Barneva, Reneta P.
and Brimkov, Valentin E.
and Koroutchev, Kostadin N.
and Korutcheva, Elka R.",
title="Accurate Curvature Estimation along Digital Contours with Maximal Digital Circular Arcs",
booktitle="Combinatorial Image Analysis",
year="2011",
publisher="Springer Berlin Heidelberg",
address="Berlin, Heidelberg",
pages="43--55",
}

@article{lachaud07tangent,
 author = {Lachaud, Jacques-Olivier and Vialard, Anne and de Vieilleville, Fran\c{c}ois},
 title = {Fast, Accurate and Convergent Tangent Estimation on Digital Contours},
 journal = {Image Vision Comput.},
 issue_date = {October, 2007},
 volume = {25},
 number = {10},
 month = oct,
 year = {2007},
 issn = {0262-8856},
 pages = {1572--1587},
 numpages = {16},
 acmid = {1279437},
 publisher = {Butterworth-Heinemann}
}



@inproceedings{sloboda98mlp,
author={Sloboda, F. and Zatko, B. and Stoer, J.},
author = {Sloboda, F. and Zatko, B. and Stoer, J.},
title={On approximation of planar one-dimensional continua},
booktitle={Advances in Digital and Computational Geometry},
pages={113â€“160},
year={1998}
}


@article{schindele17,
 author = {Schindele, Andreas and Massopust, Peter and Forster, Brigitte},
 title = {Multigrid Convergence for the {MDCA} Curvature Estimator},
 journal = {J. Math. Imaging Vis.},
 issue_date = {March     2017},
 volume = {57},
 number = {3},
 month = mar,
 year = {2017},
 issn = {0924-9907},
 pages = {423--438},
 numpages = {16},
 publisher = {Kluwer Academic Publishers},
 address = {Norwell, MA, USA}
} 
