%%
%% Article DGMM 2021
%%


@article{matsutani2010euler,
  title={Euler's elastica and beyond},
  author={Matsutani, Shigeki and others},
  journal={Journal of Geometry and Symmetry in Physics},
  volume={17},
  pages={45--86},
  year={2010},
  publisher={Institute of Biophysics and Biomedical Engineering, Bulgarian Academy of~â€¦}
}


@article{levien08elastica,
	author = {Levien, Raph},
	journal = {Electrical Engineering and Computer Sciences University of California at Berkeley},
	publisher = {Citeseer},
	title = {The elastica: a mathematical history},
	year = {2008}}

@article{antunes2020elastica,
  title={An Elastica-Driven Digital Curve Evolution Model for Image Segmentation},
  author={Antunes, Daniel and Lachaud, Jacques-Olivier and Talbot, Hugues},
  journal={Journal of Mathematical Imaging and Vision},
  pages={1--17},
  year={2020},
  publisher={Springer}
}

@incollection{mumford94elastica,
  title={Elastica and computer vision},
  author={Mumford, David},
  booktitle={Algebraic geometry and its applications},
  pages={491--506},
  year={1994},
  publisher={Springer}
}

@article{malladi1995shape,
  title={Shape modeling with front propagation: A level set approach},
  author={Malladi, Ravi and Sethian, James A and Vemuri, Baba C},
  journal={IEEE transactions on pattern analysis and machine intelligence},
  volume={17},
  number={2},
  pages={158--175},
  year={1995},
  publisher={IEEE}
}

@article{kass88,
author={Kass, Michael and Witkin, Andrew and Terzopoulos, Demetri},
title={Snakes: Active contour models},
year={1988},
journal={International Journal of Computer Vision},
pages={321--331},
volume={1},
issue={4},
issn={1573-1405},
}

@article{rudin1992nonlinear,
  title={Nonlinear total variation based noise removal algorithms},
  author={Rudin, Leonid I and Osher, Stanley and Fatemi, Emad},
  journal={Physica D: nonlinear phenomena},
  volume={60},
  number={1-4},
  pages={259--268},
  year={1992},
  publisher={North-Holland}
}

@article{mumford89,
    author = {Mumford, David and Shah, Jayant},
    title = {Optimal approximation by piecewise smooth functions and associated variational problems},
    journal = {Communications on pure and applied mathematics},
    volume={42},
    number={5},
    year = {1989},
    pages = {577--685}
}

@Article{chambolle04,
author="Chambolle, Antonin",
title="An Algorithm for Total Variation Minimization and Applications",
journal="Journal of Mathematical Imaging and Vision",
year="2004",
month="1",
day="01",
volume="20",
number="1",
pages="89--97",
issn="1573-7683"
}

@article{appleton2005globally,
  title={Globally minimal surfaces by continuous maximal flows},
  author={Appleton, Ben and Talbot, Hugues},
  journal={IEEE transactions on pattern analysis and machine intelligence},
  volume={28},
  number={1},
  pages={106--118},
  year={2005},
  publisher={IEEE}
}

@inproceedings{gorelick14local,
  title={Local submodular approximations for binary pairwise energies},
  author={Gorelick, L and Veksler, O and Boykov, Y and Ben Ayed, I and Delong, A},
  booktitle={Computer Vision and Pattern Recognition},
  volume={1},
  pages={4},
  year={2014}
}

@INPROCEEDINGS{zehiry10fast,
author={N. Y. El-Zehiry and L. Grady},
booktitle={2010 IEEE Computer Society Conference on Computer Vision and Pattern Recognition},
title={Fast global optimization of curvature},
year={2010},
volume={},
number={},
pages={3257-3264},
month={June}}

@Article{caselles97,
author="Caselles, Vicent
and Kimmel, Ron
and Sapiro, Guillermo",
title="Geodesic Active Contours",
journal="International Journal of Computer Vision",
year="1997",
month="Feb",
day="01",
volume="22",
number="1",
pages="61--79",
}


@article{boykov01fast,
  title={Fast approximate energy minimization via graph cuts},
  author={Boykov, Yuri and Veksler, Olga and Zabih, Ramin},
  journal={IEEE Transactions on pattern analysis and machine intelligence},
  volume={23},
  number={11},
  pages={1222--1239},
  year={2001},
  publisher={IEEE}
}

@InProceedings{masnou98inpainting,
author={S. Masnou and J. M. Morel},
booktitle={Proceedings 1998 International Conference on Image Processing. ICIP98 (Cat. No.98CB36269)},
title={Level lines based disocclusion},
year={1998},
volume={},
number={},
pages={259-263 vol.3},
month={Oct}}

@INPROCEEDINGS{nieuwenhuis14efficient,
author={C. Nieuwenhuis and E. Toeppe and L. Gorelick and O. Veksler and Y. Boykov},
booktitle={2014 IEEE Conference on Computer Vision and Pattern Recognition},
title={Efficient Squared Curvature},
year={2014},
volume={},
number={},
pages={4098-4105},
month={June}}

@incollection{lachaud17robust,
  title={Robust and convergent curvature and normal estimators with digital integral invariants},
  author={Lachaud, Jacques-Olivier and Coeurjolly, David and Levallois, J{\'e}r{\'e}my},
  booktitle={Modern Approaches to Discrete Curvature},
  pages={293--348},
  year={2017},
  publisher={Springer}
}

@inproceedings{boykov01graphcut,
author={Y. Y. Boykov and M. P. Jolly},
booktitle={Proceedings Eighth IEEE International Conference on Computer Vision. ICCV 2001},
title={Interactive graph cuts for optimal boundary amp; region segmentation of objects in N-D images},
year={2001},
volume={1},
number={},
pages={105-112 vol.1},
month={}}

@INPROCEEDINGS{schoenemann09linear,
author={T. Schoenemann and F. Kahl and D. Cremers},
booktitle={2009 IEEE 12th International Conference on Computer Vision},
title={Curvature regularity for region-based image segmentation and inpainting: A linear programming relaxation},
year={2009},
volume={},
number={},
pages={17-23},
month={Sept}}